@INPROCEEDINGS{990517,
  author={Viola, P. and Jones, M.},
  booktitle={Proceedings of the 2001 IEEE Computer Society Conference on Computer Vision and Pattern Recognition. CVPR 2001}, 
  title={Rapid object detection using a boosted cascade of simple features}, 
  year={2001},
  volume={1},
  number={},
  pages={I-I},
  doi={10.1109/CVPR.2001.990517}}

@InProceedings{Girshick_2014_CVPR,
author = {Girshick, Ross and Donahue, Jeff and Darrell, Trevor and Malik, Jitendra},
title = {Rich Feature Hierarchies for Accurate Object Detection and Semantic Segmentation},
booktitle = {Proceedings of the IEEE Conference on Computer Vision and Pattern Recognition (CVPR)},
month = {6},
year = {2014}
}

@online{yolov8_ultralytics,
author = {Ultralytics},
title = {{YOLOv8}: {A} state-of-the-art real-time object detection system},
year = {2023},
howpublished = {\url{https://docs.ultralytics.com}},
note = {Accessed: 10-12-2023}
}

@InProceedings{Redmon_2016_CVPR,
author = {Redmon, Joseph and Divvala, Santosh and Girshick, Ross and Farhadi, Ali},
title = {You Only Look Once: Unified, Real-Time Object Detection},
booktitle = {Proceedings of the IEEE Conference on Computer Vision and Pattern Recognition (CVPR)},
month = {6},
url = {https://ieeexplore.ieee.org/xpl/conhome/1000147/all-proceedings},
year = {2016}
}

@online{ultralytics2023models,
  author = {Ultralytics},
  title = {Models},
  year = {2023},
  url = {https://docs.ultralytics.com/tasks/detect/#models},
  note = {Accessed: 10-12-2023}
}

@misc{cnn_architecture,
  author = {InterviewBit},
  title = {Convolutional Neural Network Architecture},
  howpublished = {\url{https://www.interviewbit.com/blog/cnn-architecture/}},
  note = {Accessed: 23/12/2023}
}

@misc{progression_comparison,
  author    = {Zhonghua Hong},
  title     = {Multi-Scale Ship Detection from SAR and Optical Imagery via A More Accurate YOLOv3},
  year      = {2021},
  howpublished = {\url{https://www.researchgate.net/figure/A-comparison-of-the-Faster-R-CNN-SSD-CenterNet-and-YOLOv3-network-frameworks_fig2_352279048}},
  note      = {Accessed: 23/12/2023}
}

@misc{ultralytics,
  author = {Ultralytics},
  title = {{Ultralytics GitHub Repository}},
  year = {2023},
  howpublished = {\url{https://github.com/ultralytics}},
  note = {Accessed: 2023-12-23}
}

@misc{wiki:alexnet,
  title = {AlexNet},
  url = {https://en.wikipedia.org/wiki/AlexNet},
  journal = {Wikipedia},
  publisher = {Wikimedia Foundation},
  year = {2023},
  note = {Accessed: 2023-12-23}
}

@article{kurilova2021support,
  title={Support vector machine and deep-learning object detection for localisation of hard exudates},
  author={Kurilov{\'a}, Veronika and Goga, Jozef and Oravec, Milo{\v{s}} and Pavlovi{\v{c}}ov{\'a}, Jarmila and Kajan, Slavom{\'\i}r},
  journal={Scientific Reports},
  volume={11},
  number={1},
  pages={16045},
  year={2021},
  url = {https://www.nature.com/articles/s41598-021-95519-0},
  publisher={Nature Publishing Group UK London}
}

@article{ju2023fracture,
  title={Fracture detection in pediatric wrist trauma X-ray images using YOLOv8 algorithm},
  author={Ju, RY and Cai, W},
  journal={Scientific Reports},
  volume={13},
  pages={20077},
  year={2023},
  publisher={Nature Publishing Group},
  doi={10.1038/s41598-023-47460-7},
  url={https://doi.org/10.1038/s41598-023-47460-7}
}

@inproceedings{zoph2020learning,
  title={Learning data augmentation strategies for object detection},
  author={Zoph, Barret and Cubuk, Ekin D and Ghiasi, Golnaz and Lin, Tsung-Yi and Shlens, Jonathon and Le, Quoc V},
  booktitle={Computer Vision--ECCV 2020: 16th European Conference, Glasgow, UK, August 23--28, 2020, Proceedings, Part XXVII 16},
  pages={566--583},
  year={2020},
  organization={Springer}
}

@INPROCEEDINGS{9262816,
  author={Shuai, Qianjun and Wu, Xingwen},
  booktitle={2020 International Conference on Culture-oriented Science \& Technology (ICCST)}, 
  title={Object detection system based on SSD algorithm}, 
  year={2020},
  volume={},
  number={},
  pages={141-144},
  doi={10.1109/ICCST50977.2020.00033}
}


@misc{yolov8mmyolo2023,
  author = {MMYOLO Contributors},
  title = {ALGORITHM PRINCIPLES AND IMPLEMENTATION WITH YOLOV8},
  year = {2023},
  howpublished = {\url{https://mmyolo.readthedocs.io/en/latest/recommended_topics/algorithm_descriptions/yolov8_description.html}},
  note = {Accessed: [2023-12-25]}
}

@misc{MathWorksAnchorBoxes,
  author = {{MathWorks}},
  title = {Anchor Boxes for Object Detection},
  howpublished = {\url{https://uk.mathworks.com/help/vision/ug/anchor-boxes-for-object-detection.html}},
  note = {Accessed: [2023-12-26]}
}

@misc{LearnOpenCVCenterNet,
  author = {{LearnOpenCV}},
  title = {CenterNet: Anchor-Free Object Detection Explained},
  year = {2022},
  url = {https://learnopencv.com/centernet-anchor-free-object-detection-explained/#What-is-Anchor-Free-Object-Detection},
  note = {Accessed: 2023-12-26}
}

@online{NMS_Samb.k,
  author = {Sambasivarao. K},
  title = {Non-maximum Suppression (NMS)},
  year = {2019},
  url = {https://freedium.cfd/https://towardsdatascience.com/non-maximum-suppression-nms-93ce178e177c},
  note = {Accessed: 2023-12-27}
}


@INPROCEEDINGS{8237855,
  author={Bodla, Navaneeth and Singh, Bharat and Chellappa, Rama and Davis, Larry S.},
  booktitle={2017 IEEE International Conference on Computer Vision (ICCV)}, 
  title={Soft-NMS â€” Improving Object Detection with One Line of Code}, 
  year={2017},
  volume={},
  number={},
  pages={5562-5570},
  doi={10.1109/ICCV.2017.593}
}

@inproceedings{bodla2017soft,
  title={Soft-NMS--improving object detection with one line of code},
  author={Bodla, Navaneeth and Singh, Bharat and Chellappa, Rama and Davis, Larry S},
  booktitle={Proceedings of the IEEE international conference on computer vision},
  pages={5561--5569},
  url = {https://ieeexplore.ieee.org/document/466933},
  year={2017}
}


@Article{Srivastava2021,
author={Srivastava, Shrey
and Divekar, Amit Vishvas
and Anilkumar, Chandu
and Naik, Ishika
and Kulkarni, Ved
and Pattabiraman, V.},
title={Comparative analysis of deep learning image detection algorithms},
journal={Journal of Big Data},
year={2021},
month={5},
day={10},
volume={8},
number={1},
pages={66},
issn={2196-1115},
doi={10.1186/s40537-021-00434-w},
url={https://doi.org/10.1186/s40537-021-00434-w}
}

@misc{cocodataset,
  author = {{COCO Dataset}},
  title = {COCO - Common Objects in Context},
  year = {2023},
  url = {https://cocodataset.org/#home},
  note = {Accessed: 2023-12-28}
}


@online{kili_technology_map,
  author = {{Nisha Arya Ahmed}},
  title = {Mean Average Precision (mAP): A Complete Guide},
  year = {2023},
  url = {https://kili-technology.com/data-labeling/machine-learning/mean-average-precision-map-a-complete-guide},
  note = {Accessed: 2023-12-28}
}

@article{article_limitations,
author = {Alsharabi, Naif},
year = {2023},
month = {11},
pages = {12},
title = {Real-Time Object Detection Overview: Advancements, Challenges, and Applications},
url ={https://www.researchgate.net/publication/375599607_Real-Time_Object_Detection_Overview_Advancements_Challenges_and_Applications#:~:text=Challenges%20in%20real%2Dtime%20object,intelligent%20systems%20across%20diverse%20applications.},
volume = {3},
doi = {10.59145/jaust.v3i6.73}
}

@article{waelen2023ethics,
  title={The ethics of computer vision: an overview in terms of power},
  author={Waelen, Rosalie A},
  journal={AI and Ethics},
  pages={1--10},
  year={2023},
  publisher={Springer},
url = {https://link.springer.com/article/10.1007/s43681-023-00272-x}
}

@article{zeng2022fpga,
  title={FPGA-based accelerator for object detection: A comprehensive survey},
  author={Zeng, Kai and Ma, Qian and Wu, Jia Wen and Chen, Zhe and Shen, Tao and Yan, Chenggang},
  journal={The Journal of Supercomputing},
  volume={78},
  number={12},
  pages={14096--14136},
  year={2022},
 url = {https://link.springer.com/article/10.1007/s11227-022-04415-5
},
  publisher={Springer}
}


@inproceedings{li2022fpga,
  title={FPGA-based Object Detection Acceleration Architecture Design},
  author={Li, Wenhao and Hu, Huaixiang},
  booktitle={Journal of Physics: Conference Series},
  volume={2405},
  number={1},
  pages={012011},
  url = {https://iopscience.iop.org/article/10.1088/1742-6596/2405/1/012011/meta},
  year={2022},
  organization={IOP Publishing}
}